<?xml version="1.0" encoding="UTF-8"?><collection xmlns="http://www.loc.gov/MARC21/slim"><record><leader>00442nam--2200133-i-4500</leader><controlfield tag="001">000026055</controlfield><controlfield tag="002">20161230</controlfield><controlfield tag="005">20161230201036</controlfield><controlfield tag="008">060222s1000------------r-----000-0-eng-d</controlfield><datafield ind1=" " ind2=" " tag="080"><subfield code="a">778.4</subfield></datafield><datafield ind1=" " ind2=" " tag="100"><subfield code="a">Jones, Robert And Wykes, Catherine</subfield></datafield><datafield ind1=" " ind2=" " tag="245"><subfield code="a">Holographic and speckle interferometry. a discussion of the theory, practice and application of the techniques</subfield></datafield><datafield ind1=" " ind2=" " tag="260"><subfield code="a">Cambridge, Cambridge University Press, 1983. Vii+329p</subfield></datafield><datafield ind1=" " ind2=" " tag="852"><subfield code="a">72.824</subfield></datafield></record></collection>